@article{FiPy:2009,
   author =    {Jonathan E. Guyer and Daniel Wheeler and James A. Warren},
   title =     {{FiPy}: Partial Differential Equations with {P}ython},
   publisher = {IEEE},
   year =      2009,
   journal =   {Computing in Science & Engineering},
   volume =    11,
   number =    3,
   pages =     {6-15},
   url =       {http://www.ctcms.nist.gov/fipy},
   doi =       {10.1109/MCSE.2009.52},
}
